<?xml version="1.0" encoding="UTF-8" ?><marc:collection xmlns:marc="http://www.loc.gov/MARC21/slim" xmlns:xsi="http://www.w3.org/2001/XMLSchema-instance" xsi:schemaLocation="http://www.loc.gov/MARC21/slim http://www.loc.gov/standards/marcxml/schema/MARC21slim.xsd">
<marc:record><marc:leader>03012cam a2200697Ia 4500</marc:leader>
<marc:controlfield tag="001">ocn831680341</marc:controlfield>
<marc:controlfield tag="003">OCoLC</marc:controlfield><marc:controlfield tag="005">20160813035600.4</marc:controlfield><marc:controlfield tag="006">m     o  d        </marc:controlfield><marc:controlfield tag="007">cr cnu---unuuu</marc:controlfield><marc:controlfield tag="008">130325s2006    gaua    ob    001 0 eng d</marc:controlfield><marc:datafield tag="020" ind1=" " ind2=" "><marc:subfield code="a">9781461923053</marc:subfield><marc:subfield code="q">(electronic bk.)</marc:subfield></marc:datafield><marc:datafield tag="020" ind1=" " ind2=" "><marc:subfield code="a">1461923050</marc:subfield><marc:subfield code="q">(electronic bk.)</marc:subfield></marc:datafield><marc:datafield tag="020" ind1=" " ind2=" "><marc:subfield code="a">9781680153248</marc:subfield><marc:subfield code="q">(electronic bk.)</marc:subfield></marc:datafield><marc:datafield tag="020" ind1=" " ind2=" "><marc:subfield code="a">1680153242</marc:subfield><marc:subfield code="q">(electronic bk.)</marc:subfield></marc:datafield><marc:datafield tag="020" ind1=" " ind2=" "><marc:subfield code="z">9781933742052</marc:subfield></marc:datafield><marc:datafield tag="020" ind1=" " ind2=" "><marc:subfield code="z">1933742054</marc:subfield></marc:datafield><marc:datafield tag="035" ind1=" " ind2=" "><marc:subfield code="a">(OCoLC)831680341</marc:subfield></marc:datafield><marc:datafield tag="040" ind1=" " ind2=" "><marc:subfield code="a">TFW</marc:subfield><marc:subfield code="b">eng</marc:subfield><marc:subfield code="e">pn</marc:subfield><marc:subfield code="c">TFW</marc:subfield><marc:subfield code="d">N$T</marc:subfield><marc:subfield code="d">B24X7</marc:subfield><marc:subfield code="d">COO</marc:subfield><marc:subfield code="d">OCLCO</marc:subfield><marc:subfield code="d">KNOVL</marc:subfield><marc:subfield code="d">VLB</marc:subfield><marc:subfield code="d">YDXCP</marc:subfield><marc:subfield code="d">OCLCQ</marc:subfield><marc:subfield code="d">ZCU</marc:subfield></marc:datafield><marc:datafield tag="049" ind1=" " ind2=" "><marc:subfield code="a">TFWW</marc:subfield></marc:datafield><marc:datafield tag="050" ind1=" " ind2="4"><marc:subfield code="a">TH7688.C64</marc:subfield><marc:subfield code="b">L57 2006eb</marc:subfield></marc:datafield><marc:datafield tag="072" ind1=" " ind2="7"><marc:subfield code="a">TEC</marc:subfield><marc:subfield code="x">005050</marc:subfield><marc:subfield code="2">bisacsh</marc:subfield></marc:datafield><marc:datafield tag="082" ind1="0" ind2="4"><marc:subfield code="a">697.9316</marc:subfield><marc:subfield code="2">23</marc:subfield></marc:datafield><marc:datafield tag="245" ind1="0" ind2="0"><marc:subfield code="a">Liquid cooling guidelines for datacom equipment centers</marc:subfield><marc:subfield code="h">[electronic resource].</marc:subfield></marc:datafield><marc:datafield tag="260" ind1=" " ind2=" "><marc:subfield code="a">Atlanta, GA :</marc:subfield><marc:subfield code="b">American Society of Heating, Refrigerating and Air-Conditioning Engineers,</marc:subfield><marc:subfield code="c">©2006.</marc:subfield></marc:datafield><marc:datafield tag="300" ind1=" " ind2=" "><marc:subfield code="a">1 online resource (viii, 92 pages) :</marc:subfield><marc:subfield code="b">illustrations (some color).</marc:subfield></marc:datafield><marc:datafield tag="336" ind1=" " ind2=" "><marc:subfield code="a">text</marc:subfield><marc:subfield code="b">txt</marc:subfield><marc:subfield code="2">rdacontent</marc:subfield></marc:datafield><marc:datafield tag="337" ind1=" " ind2=" "><marc:subfield code="a">computer</marc:subfield><marc:subfield code="b">c</marc:subfield><marc:subfield code="2">rdamedia</marc:subfield></marc:datafield><marc:datafield tag="338" ind1=" " ind2=" "><marc:subfield code="a">online resource</marc:subfield><marc:subfield code="b">cr</marc:subfield><marc:subfield code="2">rdacarrier</marc:subfield></marc:datafield><marc:datafield tag="490" ind1="1" ind2=" "><marc:subfield code="a">ASHRAE datacom series</marc:subfield></marc:datafield><marc:datafield tag="504" ind1=" " ind2=" "><marc:subfield code="a">Includes bibliographical references (pages 79-80) and index.</marc:subfield></marc:datafield><marc:datafield tag="506" ind1=" " ind2=" "><marc:subfield code="a">Access restricted to members of the Tufts University community.</marc:subfield></marc:datafield><marc:datafield tag="588" ind1="0" ind2=" "><marc:subfield code="a">Print version record.</marc:subfield></marc:datafield><marc:datafield tag="650" ind1=" " ind2="0"><marc:subfield code="a">Data processing service centers</marc:subfield><marc:subfield code="x">Cooling.</marc:subfield></marc:datafield><marc:datafield tag="650" ind1=" " ind2="0"><marc:subfield code="a">Electronic data processing departments</marc:subfield><marc:subfield code="x">Equipment and supplies</marc:subfield><marc:subfield code="x">Protection.</marc:subfield></marc:datafield><marc:datafield tag="650" ind1=" " ind2="0"><marc:subfield code="a">Hydronics.</marc:subfield></marc:datafield><marc:datafield tag="650" ind1=" " ind2="0"><marc:subfield code="a">Electronic apparatus and appliances</marc:subfield><marc:subfield code="x">Cooling.</marc:subfield></marc:datafield><marc:datafield tag="650" ind1=" " ind2="0"><marc:subfield code="a">Electronic digital computers</marc:subfield><marc:subfield code="x">Cooling.</marc:subfield></marc:datafield><marc:datafield tag="650" ind1=" " ind2="0"><marc:subfield code="a">Buildings</marc:subfield><marc:subfield code="x">Environmental engineering.</marc:subfield></marc:datafield><marc:datafield tag="655" ind1=" " ind2="7"><marc:subfield code="a">Electronic books.</marc:subfield><marc:subfield code="2">lcgft</marc:subfield></marc:datafield><marc:datafield tag="710" ind1="2" ind2=" "><marc:subfield code="a">American Society of Heating, Refrigerating and Air-Conditioning Engineers.</marc:subfield></marc:datafield><marc:datafield tag="830" ind1=" " ind2="0"><marc:subfield code="a">ASHRAE datacom series.</marc:subfield></marc:datafield><marc:datafield tag="856" ind1="4" ind2="0"><marc:subfield code="u">http://ezproxy.library.tufts.edu/login?url=http://www.library.tufts.edu/tisch/ematlocalstorage/eb/b19690034.php</marc:subfield><marc:subfield code="z">Full-text -- Liquid cooling guidelines for datacom equipment centers</marc:subfield></marc:datafield><marc:datafield tag="907" ind1=" " ind2=" "><marc:subfield code="a">.b19690034</marc:subfield><marc:subfield code="b">09-09-16</marc:subfield><marc:subfield code="c">10-13-09</marc:subfield></marc:datafield><marc:datafield tag="998" ind1=" " ind2=" "><marc:subfield code="a">u</marc:subfield><marc:subfield code="b">03-25-13</marc:subfield><marc:subfield code="c">m</marc:subfield><marc:subfield code="d">@</marc:subfield><marc:subfield code="e">-</marc:subfield><marc:subfield code="f">eng</marc:subfield><marc:subfield code="g">gau</marc:subfield><marc:subfield code="h">0</marc:subfield><marc:subfield code="i">5</marc:subfield></marc:datafield><marc:datafield tag="910" ind1=" " ind2=" "><marc:subfield code="a">E-BOOK OCLC WMS DELETED -- Knovel - Mechanics &amp; Mechanical Engineering 2016-08-12</marc:subfield></marc:datafield><marc:datafield tag="910" ind1=" " ind2=" "><marc:subfield code="a">TDL Ematlocalstorage</marc:subfield></marc:datafield><marc:datafield tag="910" ind1=" " ind2=" "><marc:subfield code="a">NO OCLC</marc:subfield></marc:datafield><marc:datafield tag="938" ind1=" " ind2=" "><marc:subfield code="a">Books 24x7</marc:subfield><marc:subfield code="b">B247</marc:subfield><marc:subfield code="n">bke00058369</marc:subfield></marc:datafield><marc:datafield tag="938" ind1=" " ind2=" "><marc:subfield code="a">EBSCOhost</marc:subfield><marc:subfield code="b">EBSC</marc:subfield><marc:subfield code="n">551732</marc:subfield></marc:datafield><marc:datafield tag="938" ind1=" " ind2=" "><marc:subfield code="a">YBP Library Services</marc:subfield><marc:subfield code="b">YANK</marc:subfield><marc:subfield code="n">10691474</marc:subfield></marc:datafield><marc:datafield tag="959" ind1=" " ind2=" "><marc:subfield code="a">WorldShare DELETED 2016-08-12 --</marc:subfield></marc:datafield><marc:datafield tag="910" ind1=" " ind2=" "><marc:subfield code="a">E-BOOK OCLC WMS UPDATED -- Knovel - Mechanics &amp; Mechanical Engineering 2015-09-27</marc:subfield></marc:datafield><marc:datafield tag="910" ind1=" " ind2=" "><marc:subfield code="a">E-BOOK OCLC WMS UPDATED -- Knovel - Mechanics &amp; Mechanical Engineering 2015-07-24</marc:subfield></marc:datafield><marc:datafield tag="910" ind1=" " ind2=" "><marc:subfield code="a">E-BOOK OCLC WMS UPDATED -- Knovel - Mechanics &amp; Mechanical Engineering 2015-06-27</marc:subfield></marc:datafield><marc:datafield tag="910" ind1=" " ind2=" "><marc:subfield code="a">E-BOOK OCLC WMS NEW -- Knovel - Mechanics &amp; Mechanical Engineering 2015-05-30</marc:subfield></marc:datafield><marc:datafield tag="910" ind1=" " ind2=" "><marc:subfield code="a">73 03/2013</marc:subfield></marc:datafield><marc:datafield tag="994" ind1=" " ind2=" "><marc:subfield code="a">93</marc:subfield><marc:subfield code="b">TFW</marc:subfield></marc:datafield><marc:datafield tag="999" ind1=" " ind2=" "><marc:subfield code="o">ebooks</marc:subfield></marc:datafield><marc:datafield tag="999" ind1=" " ind2=" "><marc:subfield code="a">u</marc:subfield></marc:datafield><marc:datafield tag="999" ind1=" " ind2=" "><marc:subfield code="e">@</marc:subfield></marc:datafield></marc:record>