
<marc:record><marc:leader>02967cam a2200505Ia 4500</marc:leader>
<marc:controlfield tag="001">ocn795354092</marc:controlfield>
<marc:controlfield tag="003">OCoLC</marc:controlfield><marc:controlfield tag="005">20121101023250.0</marc:controlfield><marc:controlfield tag="006">m     o  d        </marc:controlfield><marc:controlfield tag="007">cr</marc:controlfield><marc:controlfield tag="008">120613s2012    dcua    ob    000 0 eng d</marc:controlfield><marc:datafield tag="020" ind1=" " ind2=" "><marc:subfield code="z">1433807041</marc:subfield></marc:datafield><marc:datafield tag="020" ind1=" " ind2=" "><marc:subfield code="z">9781433807046</marc:subfield></marc:datafield><marc:datafield tag="035" ind1=" " ind2=" "><marc:subfield code="a">(OCoLC)795354092</marc:subfield></marc:datafield><marc:datafield tag="040" ind1=" " ind2=" "><marc:subfield code="a">NMC</marc:subfield><marc:subfield code="c">NMC</marc:subfield><marc:subfield code="d">SMU</marc:subfield><marc:subfield code="d">PCT</marc:subfield><marc:subfield code="d">OUP</marc:subfield><marc:subfield code="d">OXF</marc:subfield></marc:datafield><marc:datafield tag="049" ind1=" " ind2=" "><marc:subfield code="a">TFWW</marc:subfield></marc:datafield><marc:datafield tag="050" ind1=" " ind2="4"><marc:subfield code="a">BF76.7</marc:subfield><marc:subfield code="b">.P84  2012eb</marc:subfield></marc:datafield><marc:datafield tag="245" ind1="0" ind2="0"><marc:subfield code="a">APA style guide to electronic references</marc:subfield><marc:subfield code="h">[electronic resource].</marc:subfield></marc:datafield><marc:datafield tag="250" ind1=" " ind2=" "><marc:subfield code="a">6th ed.</marc:subfield></marc:datafield><marc:datafield tag="260" ind1=" " ind2=" "><marc:subfield code="a">Washington, DC :</marc:subfield><marc:subfield code="b">American Psychological Association,</marc:subfield><marc:subfield code="c">2012.</marc:subfield></marc:datafield><marc:datafield tag="300" ind1=" " ind2=" "><marc:subfield code="a">1 electronic resource (vi, 35 p.) :</marc:subfield><marc:subfield code="b">digital, PDF file.</marc:subfield></marc:datafield><marc:datafield tag="588" ind1=" " ind2=" "><marc:subfield code="a">Title from opening PDF screen (viewed June 15, 2012).</marc:subfield></marc:datafield><marc:datafield tag="500" ind1=" " ind2=" "><marc:subfield code="a">&quot;... adapted from the sixth edition of the Publication manual of the American Psychological Association (American Psychological Association [APA] , 2010), Chapters 6 and 7.&quot;--P. 1.</marc:subfield></marc:datafield><marc:datafield tag="520" ind1=" " ind2=" "><marc:subfield code="a">Adapted from the sixth edition of the Publication Manual of the American Psychological Association, this comprehensive guide offers up-to-date information on formatting electronic references in APA Style. It outlines the key elements to include when referencing electronic sources, with an emphasis on using the digital object identifier (DOI) to locate web-based information reliably. Most important, it provides a wealth of examples for readers to model for everything from online journal articles to supplemental data sets and measurement instruments to books, videos, apps, websites, podcasts, blog posts, and social media. Approximately 70 examples are provided for readers to consider as they learn how to create reliable references for electronic sources.--Publisher description.</marc:subfield></marc:datafield><marc:datafield tag="506" ind1=" " ind2=" "><marc:subfield code="a">Access restricted to members of the Tufts University community.</marc:subfield></marc:datafield><marc:datafield tag="650" ind1=" " ind2="0"><marc:subfield code="a">Citation of electronic information resources.</marc:subfield></marc:datafield><marc:datafield tag="650" ind1=" " ind2="0"><marc:subfield code="a">Social sciences</marc:subfield><marc:subfield code="x">Authorship</marc:subfield><marc:subfield code="v">Style manuals.</marc:subfield></marc:datafield><marc:datafield tag="650" ind1=" " ind2="2"><marc:subfield code="a">Internet.</marc:subfield></marc:datafield><marc:datafield tag="650" ind1=" " ind2="2"><marc:subfield code="a">Information Storage and Retrieval.</marc:subfield></marc:datafield><marc:datafield tag="650" ind1=" " ind2="2"><marc:subfield code="a">Documentation.</marc:subfield></marc:datafield><marc:datafield tag="650" ind1=" " ind2="2"><marc:subfield code="a">Databases, Bibliographic.</marc:subfield></marc:datafield><marc:datafield tag="650" ind1=" " ind2="2"><marc:subfield code="a">Data Collection.</marc:subfield></marc:datafield><marc:datafield tag="650" ind1=" " ind2="2"><marc:subfield code="a">Bibliography as Topic.</marc:subfield></marc:datafield><marc:datafield tag="655" ind1=" " ind2="7"><marc:subfield code="a">Resource Guides.</marc:subfield><marc:subfield code="2">mesh</marc:subfield></marc:datafield><marc:datafield tag="655" ind1=" " ind2="7"><marc:subfield code="a">Electronic books.</marc:subfield><marc:subfield code="2">lcgft</marc:subfield></marc:datafield><marc:datafield tag="710" ind1="2" ind2=" "><marc:subfield code="a">American Psychological Association.</marc:subfield></marc:datafield><marc:datafield tag="730" ind1="0" ind2=" "><marc:subfield code="a">Publication manual of the American Psychological Association.</marc:subfield></marc:datafield><marc:datafield tag="776" ind1="0" ind2="8"><marc:subfield code="i">Print version:</marc:subfield><marc:subfield code="t">APA style guide to electronic references</marc:subfield><marc:subfield code="d">Washington, DC : American Psychological Association, 2012</marc:subfield><marc:subfield code="z">9781433807046</marc:subfield><marc:subfield code="z">1433807041</marc:subfield><marc:subfield code="w">(OCoLC)796116046</marc:subfield></marc:datafield><marc:datafield tag="856" ind1="4" ind2="0"><marc:subfield code="u">http://ezproxy.library.tufts.edu/login?url=http://www.library.tufts.edu/tisch/ematlocalstorage/eb/b24200098.php</marc:subfield><marc:subfield code="z">Full-text -- APA style guide to electronic references</marc:subfield></marc:datafield><marc:datafield tag="907" ind1=" " ind2=" "><marc:subfield code="a">.b24200098</marc:subfield><marc:subfield code="b">09-09-16</marc:subfield><marc:subfield code="c">11-01-12</marc:subfield></marc:datafield><marc:datafield tag="998" ind1=" " ind2=" "><marc:subfield code="a">u</marc:subfield><marc:subfield code="b">03-27-13</marc:subfield><marc:subfield code="c">m</marc:subfield><marc:subfield code="d">@</marc:subfield><marc:subfield code="e">-</marc:subfield><marc:subfield code="f">eng</marc:subfield><marc:subfield code="g">dcu</marc:subfield><marc:subfield code="h">0</marc:subfield><marc:subfield code="i">0</marc:subfield></marc:datafield><marc:datafield tag="910" ind1=" " ind2=" "><marc:subfield code="a">TDL Ematlocalstorage</marc:subfield></marc:datafield><marc:datafield tag="910" ind1=" " ind2=" "><marc:subfield code="a">WAITING FOR PROXY - record unsuppressed amm 12/19/2012</marc:subfield></marc:datafield><marc:datafield tag="910" ind1=" " ind2=" "><marc:subfield code="a">73 03/2013</marc:subfield></marc:datafield><marc:datafield tag="994" ind1=" " ind2=" "><marc:subfield code="a">C0</marc:subfield><marc:subfield code="b">TFW</marc:subfield></marc:datafield></marc:record>